@Book{Lamport:LDP94,
  author    = "Leslie Lamport" ,
  title     = "\LaTeX: A Document Preparation System." ,
  publisher = "Addison--Wesley Pub.\ Co." ,
  year      = "1986" ,
  address   = "Reading, MA" 
}

@Book{KincaidCheney:gopen:1990,
  title     = "An\'alisis Num\'erico. Las matem\'aticas del c\'alculo cient\'ifico.",
  author    = "David Kincaid and Ward Cheney",
  publisher = "Addison-Wesley Iberoamericana",
  isbn      = "0201601303",
  year      = "1994"
}

@book{Tantau:2010,
  author = "Till Tantau",
  title  = "User's guide to the beamer class",
  year   = "2010"
}

@MISC{URL:XML,
  author = "Weisstein, Eric W.",
  note   = "http://mathworld.wolfram.com/SimpsonsRule.html"
}

@MISC{URL:ACM,
   author    = "ACM LaTeX Style",
   note      = "http://www.acm.org/publications/latex\_style/"
}
